%% This BibTeX bibliography file was created using BibDesk.
%% http://bibdesk.sourceforge.net/


%% Created for Marc Egli at 2012-07-09 22:20:40 +0200 


%% Saved with string encoding Unicode (UTF-8) 



@misc{rfc4511,
	Author = {J. Sermersheim},
	Date-Added = {2012-07-09 20:20:05 +0000},
	Date-Modified = {2012-07-09 20:20:05 +0000},
	Howpublished = {RFC 4511 (Proposed Standard)},
	Month = jun,
	Number = {4511},
	Organization = {Internet Engineering Task Force},
	Publisher = {IETF},
	Series = {Request for Comments},
	Title = {{Lightweight Directory Access Protocol (LDAP): The Protocol}},
	Url = {http://www.ietf.org/rfc/rfc4511.txt},
	Year = 2006,
	Bdsk-Url-1 = {http://www.ietf.org/rfc/rfc4511.txt}}

@misc{rfc2818,
	Author = {E. Rescorla},
	Date-Added = {2012-07-09 19:49:05 +0000},
	Date-Modified = {2012-07-09 19:49:05 +0000},
	Howpublished = {RFC 2818 (Informational)},
	Month = may,
	Note = {Updated by RFC 5785},
	Number = {2818},
	Organization = {Internet Engineering Task Force},
	Publisher = {IETF},
	Series = {Request for Comments},
	Title = {{HTTP Over TLS}},
	Url = {http://www.ietf.org/rfc/rfc2818.txt},
	Year = 2000,
	Bdsk-Url-1 = {http://www.ietf.org/rfc/rfc2818.txt}}

@misc{rfc2616,
	Author = {R. Fielding and J. Gettys and J. Mogul and H. Frystyk and L. Masinter and P. Leach and T. Berners-Lee},
	Date-Added = {2012-07-09 19:48:38 +0000},
	Date-Modified = {2012-07-09 19:48:38 +0000},
	Howpublished = {RFC 2616 (Draft Standard)},
	Month = jun,
	Note = {Updated by RFCs 2817, 5785, 6266, 6585},
	Number = {2616},
	Organization = {Internet Engineering Task Force},
	Publisher = {IETF},
	Series = {Request for Comments},
	Title = {{Hypertext Transfer Protocol -- HTTP/1.1}},
	Url = {http://www.ietf.org/rfc/rfc2616.txt},
	Year = 1999,
	Bdsk-Url-1 = {http://www.ietf.org/rfc/rfc2616.txt}}

@misc{rfc1945,
	Author = {T. Berners-Lee and R. Fielding and H. Frystyk},
	Date-Added = {2012-07-09 19:48:34 +0000},
	Date-Modified = {2012-07-09 19:48:34 +0000},
	Howpublished = {RFC 1945 (Informational)},
	Month = may,
	Number = {1945},
	Organization = {Internet Engineering Task Force},
	Publisher = {IETF},
	Series = {Request for Comments},
	Title = {{Hypertext Transfer Protocol -- HTTP/1.0}},
	Url = {http://www.ietf.org/rfc/rfc1945.txt},
	Year = 1996,
	Bdsk-Url-1 = {http://www.ietf.org/rfc/rfc1945.txt}}

@misc{rfc3548,
	Author = {S. Josefsson},
	Date-Added = {2012-07-09 19:47:47 +0000},
	Date-Modified = {2012-07-09 19:47:47 +0000},
	Howpublished = {RFC 3548 (Informational)},
	Month = jul,
	Note = {Obsoleted by RFC 4648},
	Number = {3548},
	Organization = {Internet Engineering Task Force},
	Publisher = {IETF},
	Series = {Request for Comments},
	Title = {{The Base16, Base32, and Base64 Data Encodings}},
	Url = {http://www.ietf.org/rfc/rfc3548.txt},
	Year = 2003,
	Bdsk-Url-1 = {http://www.ietf.org/rfc/rfc3548.txt}}

@misc{rfc2104,
	Author = {H. Krawczyk and M. Bellare and R. Canetti},
	Date-Added = {2012-07-09 19:47:34 +0000},
	Date-Modified = {2012-07-09 19:47:34 +0000},
	Howpublished = {RFC 2104 (Informational)},
	Month = feb,
	Note = {Updated by RFC 6151},
	Number = {2104},
	Organization = {Internet Engineering Task Force},
	Publisher = {IETF},
	Series = {Request for Comments},
	Title = {{HMAC: Keyed-Hashing for Message Authentication}},
	Url = {http://www.ietf.org/rfc/rfc2104.txt},
	Year = 1997,
	Bdsk-Url-1 = {http://www.ietf.org/rfc/rfc2104.txt}}

@misc{rfc5849,
	Author = {E. Hammer-Lahav},
	Date-Added = {2012-07-09 19:46:43 +0000},
	Date-Modified = {2012-07-09 19:46:43 +0000},
	Howpublished = {RFC 5849 (Informational)},
	Month = apr,
	Number = {5849},
	Organization = {Internet Engineering Task Force},
	Publisher = {IETF},
	Series = {Request for Comments},
	Title = {{The OAuth 1.0 Protocol}},
	Url = {http://www.ietf.org/rfc/rfc5849.txt},
	Year = 2010,
	Bdsk-Url-1 = {http://www.ietf.org/rfc/rfc5849.txt}}
